<?xml version="1.0" encoding="UTF-8"?><collection xmlns="http://www.loc.gov/MARC21/slim"><record><leader>00514nam--2200181-i-4500</leader><controlfield tag="001">000040851</controlfield><controlfield tag="002">20161230</controlfield><controlfield tag="005">20161230201042</controlfield><controlfield tag="008">060222s1000------------r-----000-0-ger-d</controlfield><datafield ind1=" " ind2=" " tag="040"><subfield code="a">IFIN-HH</subfield></datafield><datafield ind1=" " ind2=" " tag="041"><subfield code="a">ger</subfield></datafield><datafield ind1=" " ind2=" " tag="080"><subfield code="a">539.142(043)</subfield></datafield><datafield ind1="1" ind2=" " tag="100"><subfield code="a">Schweizer,Wolfgang</subfield></datafield><datafield ind1="1" ind2="0" tag="245"><subfield code="a">Zur theorie des kollektiven symplektischen modells fur atomkerne</subfield><subfield code="b">Dissertation</subfield><subfield code="c">Wolfgang schweizer</subfield></datafield><datafield ind1=" " ind2=" " tag="260"><subfield code="a">Tubingen</subfield><subfield code="b">Fakultat Fur Physik</subfield><subfield code="c">1985</subfield></datafield><datafield ind1=" " ind2=" " tag="300"><subfield code="a">162 P</subfield></datafield><datafield ind1=" " ind2=" " tag="852"><subfield code="a">73725</subfield><subfield code="c">539.14</subfield></datafield><datafield ind1=" " ind2=" " tag="CAT"><subfield code="a">Sys</subfield><subfield code="c">20120405</subfield><subfield code="h">113050</subfield></datafield></record></collection>